% Encoding: UTF-8

@Article{Hetrick:1995wq,
  author        = {Hetrick, J.E. and Hosotani, Y. and Iso, S.},
  journal       = {Phys. Lett. B},
  title         = {{The Massive multi - flavor Schwinger model}},
  year          = {1995},
  pages         = {92--102},
  volume        = {350},
  archiveprefix = {arXiv},
  doi           = {10.1016/0370-2693(95)00310-H},
  eprint        = {hep-th/9502113},
  reportnumber  = {UMN-TH-1324-95, AZPH-TH-95-1, UT-698},
}

@Article{Hetrick:1995yx,
  author        = {Hetrick, J.E. and Hosotani, Y. and Iso, S.},
  journal       = {Phys. Rev. D},
  title         = {{The Interplay between mass, volume, vacuum angle and chiral condensate in N flavor QED in two-dimensions}},
  year          = {1996},
  pages         = {7255--7259},
  volume        = {53},
  archiveprefix = {arXiv},
  doi           = {10.1103/PhysRevD.53.7255},
  eprint        = {hep-th/9510090},
  groups        = {massive},
  reportnumber  = {AZPH-TH-95-25, UMN-TH-1410-95, UT-722A},
}

@InProceedings{Hosotani:1995zg,
  author        = {Hosotani, Yutaka},
  booktitle     = {{Nihon University Workshop on Fundamental Problems in Particle Physics}},
  title         = {{More about the massive multiflavor Schwinger model}},
  year          = {1995},
  month         = {5},
  pages         = {64--69},
  archiveprefix = {arXiv},
  eprint        = {hep-th/9505168},
  groups        = {massive},
  reportnumber  = {UMN-TH-1347-95},
}

@InProceedings{Hosotani:1995gn,
  author        = {Hosotani, Yutaka},
  booktitle     = {{4th Workshop on Thermal Field Theories and Their Applications}},
  title         = {{Massive multi - flavor Schwinger model at finite temperature and on compact space}},
  year          = {1995},
  month         = {10},
  pages         = {355--364},
  archiveprefix = {arXiv},
  eprint        = {hep-ph/9510387},
  groups        = {massive},
  reportnumber  = {UMN-TH-1412-95},
}

@Article{Rodriguez:1996zj,
  author        = {Rodriguez, Ramon and Hosotani, Yutaka},
  journal       = {Phys. Lett. B},
  title         = {{Confinement and chiral condensates in 2-D QED with massive n flavor fermions}},
  year          = {1996},
  pages         = {273--284},
  volume        = {375},
  archiveprefix = {arXiv},
  doi           = {10.1016/0370-2693(96)00240-7},
  eprint        = {hep-th/9602029},
  reportnumber  = {UMN-TH-1421-96, NUC-MINN-96-2-T},
}

@InProceedings{Hosotani:1996hy,
  author        = {Hosotani, Y. and Rodriguez, R. and Hetrick, J.E. and Iso, S.},
  booktitle     = {{2nd Workshop on Continuous Advances in QCD}},
  title         = {{Confinement and chiral dynamics in the multiflavor Schwinger model}},
  year          = {1996},
  month         = {3},
  pages         = {382--390},
  archiveprefix = {arXiv},
  eprint        = {hep-th/9606129},
  reportnumber  = {UMN-TH-1430-96, AZPH-TH-96-15},
}

@InProceedings{Rodriguez:1996df,
  author        = {Rodriguez, R. and Hosotani, Y. and Hetrick, J.E. and Iso, S.},
  booktitle     = {{9th Annual Divisional Meeting (DPF 96) of the Division of Particles and Fields of the American Physical Society}},
  title         = {{Aspects of confinement and chiral dynamics in 2-D QED at finite temperature}},
  year          = {1996},
  month         = {8},
  pages         = {622--624},
  archiveprefix = {arXiv},
  eprint        = {hep-th/9608123},
  reportnumber  = {UMN-TH-1507-96, NUC-MINN-96-14-T},
}

@Article{Hosotani:1996wq,
  author        = {Hosotani, Yutaka and Rodriguez, Ramon},
  journal       = {Phys. Lett. B},
  title         = {{Anomalous behavior in the massive Schwinger model}},
  year          = {1996},
  pages         = {121--128},
  volume        = {389},
  archiveprefix = {arXiv},
  doi           = {10.1016/S0370-2693(96)01252-X},
  eprint        = {hep-th/9608176},
  reportnumber  = {UMN-TH-1504-96, NUC-MINN-96-13-T},
}

@InProceedings{Hosotani:1997pr,
  author        = {Hosotani, Y.},
  booktitle     = {{International Workshop on Perspectives of Strong Coupling Gauge Theories (SCGT 96)}},
  title         = {{Chiral dynamics in weak, intermediate, and strong coupling QED in two-dimensions}},
  year          = {1997},
  month         = {3},
  pages         = {390--397},
  archiveprefix = {arXiv},
  eprint        = {hep-th/9703153},
  reportnumber  = {UMN-TH-1531-97},
}

@Article{Hosotani:1998za,
  author        = {Hosotani, Yutaka and Rodriguez, Ramon},
  journal       = {J. Phys. A},
  title         = {{Bosonized massive N flavor Schwinger model}},
  year          = {1998},
  pages         = {9925--9955},
  volume        = {31},
  archiveprefix = {arXiv},
  doi           = {10.1088/0305-4470/31/49/013},
  eprint        = {hep-th/9804205},
  reportnumber  = {UMN-TH-1610-98},
}

@Article{Hosotani:1998kd,
  author        = {Hosotani, Yutaka},
  journal       = {Phys. Rev. B},
  title         = {{Antiferromagnetic S = 1/2 Heisenberg chain and the two flavor massless Schwinger model}},
  year          = {1999},
  pages         = {6198--6199},
  volume        = {60},
  archiveprefix = {arXiv},
  doi           = {10.1103/PhysRevB.60.6198},
  eprint        = {hep-th/9809066},
  reportnumber  = {UMN-TH-1717-98},
}

@Article{Hosotani:1997kv,
  author        = {Hosotani, Yutaka},
  journal       = {J. Phys. A},
  title         = {{Gauge theory description of spin ladders}},
  year          = {1997},
  note          = {[Erratum: J.Phys.A 31, 7415--7416 (1998)]},
  pages         = {L757--L764},
  volume        = {30},
  archiveprefix = {arXiv},
  doi           = {10.1088/0305-4470/30/22/003},
  eprint        = {cond-mat/9707129},
  reportnumber  = {UMN-TH-1545-97},
}

@Article{Affleck:1985wa,
  author       = {Affleck, Ian},
  journal      = {Nucl. Phys. B},
  title        = {{On the Realization of Chiral Symmetry in (1+1)-dimensions}},
  year         = {1986},
  pages        = {448--468},
  volume       = {265},
  doi          = {10.1016/0550-3213(86)90168-9},
  groups       = {analytic},
  reportnumber = {SACLAY-SPHT-85-122},
}

@Article{Sachs:1991en,
  author        = {Sachs, Ivo and Wipf, Andreas},
  journal       = {Helv. Phys. Acta},
  title         = {{Finite temperature Schwinger model}},
  year          = {1992},
  pages         = {652--678},
  volume        = {65},
  archiveprefix = {arXiv},
  eprint        = {1005.1822},
  groups        = {massless},
  primaryclass  = {hep-th},
  reportnumber  = {ETH-TH-91-15},
}

@Article{Hip:1997em,
  author        = {Hip, I. and Lang, C.B. and Teppner, R.},
  journal       = {Nucl. Phys. B Proc. Suppl.},
  title         = {{Chiral symmetry in the two flavor lattice Schwinger model}},
  year          = {1998},
  pages         = {682--684},
  volume        = {63},
  archiveprefix = {arXiv},
  doi           = {10.1016/S0920-5632(97)00871-2},
  editor        = {Davies, C.T.H. and Barbour, I.M. and Bowler, K.C. and Kenway, R.D. and Pendleton, B.J. and Richards, D.G.},
  eprint        = {hep-lat/9709030},
  groups        = {Wilson fermions},
  reportnumber  = {UNIGRAZ-UTP-11-09-97},
}

@Article{Gattringer:1999gt,
  author        = {Gattringer, Christof and Hip, Ivan and Lang, C.B.},
  journal       = {Phys. Lett. B},
  title         = {{The Chiral limit of the two flavor lattice Schwinger model with Wilson fermions}},
  year          = {1999},
  pages         = {287--292},
  volume        = {466},
  archiveprefix = {arXiv},
  doi           = {10.1016/S0370-2693(99)01116-8},
  eprint        = {hep-lat/9909025},
  groups        = {Wilson fermions},
  reportnumber  = {UNIGRAZ-UTP-09-03-99, MIT-CTP-2899},
}

@Article{Gattringer:1993ec,
  author        = {Gattringer, Christof and Seiler, Erhard},
  journal       = {Annals Phys.},
  title         = {{Functional integral approach to the N flavor Schwinger model}},
  year          = {1994},
  pages         = {97--124},
  volume        = {233},
  archiveprefix = {arXiv},
  doi           = {10.1006/aphy.1994.1062},
  eprint        = {hep-th/9312102},
  groups        = {analytic},
  reportnumber  = {MPI-PH-93-56},
}

@Article{Durr:2001bx,
  author        = {Durr, Stephan},
  journal       = {Nucl. Phys. B Proc. Suppl.},
  title         = {{Topology and pion correlators: A Study in the N(f)=2 Schwinger model}},
  year          = {2002},
  pages         = {598--600},
  volume        = {106},
  archiveprefix = {arXiv},
  doi           = {10.1016/S0920-5632(01)01789-3},
  editor        = {Muller-Preussker, M. and Bietenholz, Wolfgang and Jansen, K. and Jegerlehner, F. and Montvay, I. and Schierholz, G. and Sommer, R. and Wolff, U.},
  eprint        = {hep-lat/0110190},
  groups        = {staggered},
}

@Article{Fukaya:2003ph,
  author        = {Fukaya, Hidenori and Onogi, Tetsuya},
  journal       = {Phys. Rev. D},
  title         = {{Lattice study of the massive Schwinger model with theta term under Luscher's 'admissibility' condition}},
  year          = {2003},
  pages         = {074503},
  volume        = {68},
  archiveprefix = {arXiv},
  doi           = {10.1103/PhysRevD.68.074503},
  eprint        = {hep-lat/0305004},
  groups        = {domain wall fermions},
  reportnumber  = {YITP-03-22},
}

@Article{Durr:2003xs,
  author        = {Durr, Stephan and Hoelbling, Christian},
  journal       = {Phys. Rev. D},
  title         = {{Staggered versus overlap fermions: A Study in the Schwinger model with N(f)=0, 1, 2}},
  year          = {2004},
  pages         = {034503},
  volume        = {69},
  archiveprefix = {arXiv},
  doi           = {10.1103/PhysRevD.69.034503},
  eprint        = {hep-lat/0311002},
  groups        = {staggered},
  reportnumber  = {DESY-03-175, SFB-CPP-03-48, CPT-2003-P-4604},
}

@Article{Shifrin:2005cy,
  author        = {Shifrin, L. and Verbaarschot, J.J.M.},
  journal       = {Phys. Rev. D},
  title         = {{Sum rules for the Dirac spectrum of the Schwinger model}},
  year          = {2006},
  pages         = {074008},
  volume        = {73},
  archiveprefix = {arXiv},
  doi           = {10.1103/PhysRevD.73.074008},
  eprint        = {hep-th/0507220},
  groups        = {analytic},
  reportnumber  = {SUNY-NTG-05-20},
}

@Article{Elser:1996tb,
  author        = {Elser, Stephan and Bunk, B.},
  journal       = {Nucl. Phys. B Proc. Suppl.},
  title         = {{Two flavor Schwinger model with dynamical fermions in the Luscher formalism}},
  year          = {1997},
  pages         = {953--955},
  volume        = {53},
  archiveprefix = {arXiv},
  doi           = {10.1016/S0920-5632(96)00824-9},
  editor        = {Bernard, C. and Golterman, M. and Ogilvie, M. and Potvin, J.},
  eprint        = {hep-lat/9608073},
  groups        = {Wilson fermions},
}

@Article{Durr:1996im,
  author        = {Durr, S. and Wipf, A.},
  journal       = {Annals Phys.},
  title         = {{Finite temperature Schwinger model with chirality breaking boundary conditions}},
  year          = {1997},
  pages         = {333--361},
  volume        = {255},
  archiveprefix = {arXiv},
  doi           = {10.1006/aphy.1996.5664},
  eprint        = {hep-th/9610241},
  groups        = {massless},
  reportnumber  = {ZU-TH-18-96, FSU-TPI-11-96},
}

@Article{Durr:1998ea,
  author        = {Durr, Stephan},
  journal       = {Annals Phys.},
  title         = {{Aspects of Quasi-Phase-Structure of the Schwinger Model on a Cylinder with Broken Chiral Symmetry}},
  year          = {1999},
  pages         = {1--36},
  volume        = {273},
  archiveprefix = {arXiv},
  doi           = {10.1006/aphy.1998.5894},
  eprint        = {hep-th/9805124},
  groups        = {massless},
  reportnumber  = {UW-PT-98-06},
}

@Article{Wiese:1988qz,
  author       = {Wiese, U.J.},
  journal      = {Nucl. Phys. B},
  title        = {{Numerical Simulation of Lattice $\theta$ Vacua: The 2-$d$ U(1) Gauge Theory as a Test Case}},
  year         = {1989},
  pages        = {153--175},
  volume       = {318},
  doi          = {10.1016/0550-3213(89)90051-5},
  groups       = {theta-vacuum},
  reportnumber = {HLRZ-88-07},
}

@Article{Chernodub2020,
  author        = {Chernodub, M.N. and Erbin, Harold and Goy, V.A. and Molochkov, A.V.},
  title         = {Topological defects and confinement with machine learning: the case of monopoles in compact electrodynamics},
  year          = {2020},
  month         = {6},
  archiveprefix = {arXiv},
  eprint        = {2006.09113},
  groups        = {machine learning},
  primaryclass  = {hep-lat},
}

@Article{Bietenholz2010,
  author        = {Bietenholz, W. and Gockeler, M. and Horsley, R. and Nakamura, Y. and Pleiter, D. and Rakow, P.E.L. and Schierholz, G. and Zanotti, J.M.},
  journal       = {Phys. Lett. B},
  title         = {Pion in a Box},
  year          = {2010},
  pages         = {410--414},
  volume        = {687},
  archiveprefix = {arXiv},
  doi           = {10.1016/j.physletb.2010.03.063},
  eprint        = {1002.1696},
  groups        = {delta regime},
  primaryclass  = {hep-lat},
  reportnumber  = {DESY-10-014, EDINBURGH-2010-03, LIVERPOOL-LTH-861},
}

@Article{Leutwyler1987,
  author       = {Leutwyler, H.},
  journal      = {Phys. Lett. B},
  title        = {Energy Levels of Light Quarks Confined to a Box},
  year         = {1987},
  pages        = {197--202},
  volume       = {189},
  doi          = {10.1016/0370-2693(87)91296-2},
  groups       = {delta regime},
  reportnumber = {BUTP-87/4-BERN},
}

@Article{Smilga1996,
  author        = {Smilga, Andrei V. and Verbaarschot, J.J.M.},
  journal       = {Phys. Rev. D},
  title         = {Scalar susceptibility in QCD and the multiflavor Schwinger model},
  year          = {1996},
  pages         = {1087--1093},
  volume        = {54},
  archiveprefix = {arXiv},
  doi           = {10.1103/PhysRevD.54.1087},
  eprint        = {hep-ph/9511471},
  groups        = {massless},
  reportnumber  = {SUNY-NTG-95-50},
}

@Article{Smilga1997,
  author        = {Smilga, Andrei V.},
  journal       = {Phys. Rev. D},
  title         = {Critical amplitudes in two-dimensional theories},
  year          = {1997},
  pages         = {443--447},
  volume        = {55},
  archiveprefix = {arXiv},
  doi           = {10.1103/PhysRevD.55.R443},
  eprint        = {hep-th/9607154},
  groups        = {analytic},
  reportnumber  = {ITEP-TH-27-96},
}

@Article{Misumi2020,
  author        = {Misumi, Tatsuhiro and Tanizaki, Yuya},
  journal       = {PTEP},
  title         = {Lattice gauge theory for the Haldane conjecture and central-branch Wilson fermion},
  year          = {2020},
  number        = {3},
  pages         = {033B03},
  volume        = {2020},
  archiveprefix = {arXiv},
  doi           = {10.1093/ptep/ptaa003},
  eprint        = {1910.09604},
  groups        = {central-branch Wilson fermions},
  primaryclass  = {hep-lat},
}

@Article{Misumi2020a,
  author        = {Misumi, Tatsuhiro and Yumoto, Jun},
  journal       = {Phys. Rev. D},
  title         = {Varieties and properties of central-branch Wilson fermions},
  year          = {2020},
  number        = {3},
  pages         = {034516},
  volume        = {102},
  archiveprefix = {arXiv},
  doi           = {10.1103/PhysRevD.102.034516},
  eprint        = {2005.08857},
  groups        = {central-branch Wilson fermions},
  primaryclass  = {hep-lat},
}

@Comment{jabref-meta: databaseType:bibtex;}

@Comment{jabref-meta: grouping:
0 AllEntriesGroup:;
1 StaticGroup:Schwinger model\;0\;1\;0x8a8a8aff\;\;\;;
2 StaticGroup:analytic\;0\;1\;0x8a8a8aff\;\;\;;
2 StaticGroup:Wilson fermions\;0\;1\;0x8a8a8aff\;\;\;;
2 StaticGroup:staggered\;0\;1\;0x8a8a8aff\;\;\;;
2 StaticGroup:domain wall fermions\;0\;1\;0x8a8a8aff\;\;\;;
1 StaticGroup:finite temperature Schwinger model\;0\;1\;0x8a8a8aff\;\;\;;
2 StaticGroup:massless\;0\;0\;0x8a8a8aff\;\;\;;
2 StaticGroup:massive\;0\;1\;0x8a8a8aff\;\;\;;
1 StaticGroup:delta regime\;0\;1\;0x8a8a8aff\;\;\;;
1 StaticGroup:theta-vacuum\;0\;1\;0x8a8a8aff\;\;\;;
1 StaticGroup:central-branch Wilson fermions\;0\;1\;0x8a8a8aff\;\;\;;
1 StaticGroup:machine learning\;0\;0\;0x8a8a8aff\;\;\;;
}
